
@book{goodfellow2016deep,
  title={Deep learning},
  author={Goodfellow, Ian and Bengio, Yoshua and Courville, Aaron},
  year={2016},
  publisher={MIT press}
}
@inproceedings{svoboda2017generative,
  title={Generative convolutional networks for latent fingerprint reconstruction},
  author={Svoboda, Jan and Monti, Federico and Bronstein, Michael M},
  booktitle={2017 IEEE International Joint Conference on Biometrics (IJCB)},
  pages={429--436},
  year={2017},
  organization={IEEE}
}

@inproceedings{dabouei2018id,
  title={ID preserving generative adversarial network for partial latent fingerprint reconstruction},
  author={Dabouei, Ali and Kazemi, Hadi and Iranmanesh, Seyed Mehdi and Dawson, Jeremy and Nasrabadi, Nasser M and others},
  booktitle={2018 IEEE 9th International Conference on Biometrics Theory, Applications and Systems (BTAS)},
  pages={1--10},
  year={2018},
  organization={IEEE}
}


@article{cao2014learning,
  title={Learning fingerprint reconstruction: From minutiae to image},
  author={Cao, Kai and Jain, Anil K},
  journal={IEEE Transactions on information forensics and security},
  volume={10},
  number={1},
  pages={104--117},
  year={2014},
  publisher={IEEE}
}

@article{feng2010fingerprint,
  title={Fingerprint reconstruction: from minutiae to phase},
  author={Feng, Jianjiang and Jain, Anil K},
  journal={IEEE transactions on pattern analysis and machine intelligence},
  volume={33},
  number={2},
  pages={209--223},
  year={2010},
  publisher={IEEE}
}


@inproceedings{chikkerur2005fingerprint,
  title={Fingerprint image enhancement using STFT analysis},
  author={Chikkerur, Sharat and Govindaraju, Venu and Cartwright, Alexander N},
  booktitle={International Conference on Pattern Recognition and Image Analysis},
  pages={20--29},
  year={2005},
  organization={Springer}
}

@inproceedings{fronthaler2007pyramid,
  title={Pyramid-based image enhancement of fingerprints},
  author={Fronthaler, Hartwig and Kollreider, Klaus and Bigun, Josef},
  booktitle={2007 IEEE Workshop on Automatic Identification Advanced Technologies},
  pages={45--50},
  year={2007},
  organization={IEEE}
}

@inproceedings{turroni2012fingerprint,
  title={Fingerprint enhancement using contextual iterative filtering},
  author={Turroni, Francesco and Cappelli, Raffaele and Maltoni, Davide},
  booktitle={2012 5th IAPR International Conference on Biometrics (ICB)},
  pages={152--157},
  year={2012},
  organization={IEEE}
}
@BOOK
{HFPR,
    author = {D. Maltoni, D. Maio, A. Jain, and S. Prabhakar},
    title = {Handbook of fingerprint recognition},
    publisher = {Springer Science+Business Media},
    isbn = {978-1-84882-254-2},
    year = {2009}
}

@MANUAL
{NBISUG,
    author = {C. Watson, M. Garris, E. Tabassi, C. Wilson, R. McCave, S. Janet, K. Ko},
    title = {User's Guide to NIST Biometric Image Software},
    organization = {National Institute of Standards and Technology},
    year = {2007}
}

@inproceedings{ITITAN,
  title={Image-to-image translation with conditional adversarial networks},
  author={Isola, Phillip and Zhu, Jun-Yan and Zhou, Tinghui and Efros, Alexei A},
  booktitle={Proceedings of the IEEE conference on computer vision and pattern recognition},
  pages={1125--1134},
  year={2017}
}

@ARTICLE
{UNBIS,
    author = {O. Ronneberger, P. Fischer, T. Brox},
    title = {U-net: Convolutional networks for biomedical image segmentation},
    journal = {Computer Science Department and BIOSS Centre for Biological Signalling Studies, University of Freiburg, Germany},
    year = {2015}
    
}

@MISC
{NBISWP,
    author = {NIST},
    title = {NIST Biometric Image Software (NBIS)},
    year = {2019},
    url = {https://www.nist.gov/services-resources/software/nist-biometric-image-software-nbis},
}

@CONFERENCE
{RROCCMC,
    author = {R.M. Bolle, J.H. Connell, S. Pankanti, N.K. Ratha and A.W. Senior},
    title = {The Relation Between the ROC Curve and the CMC},
    booktitle = {In Proc: Fourth IEEE Workshop on Automatic Identification Advanced Technologies Conference, Buffalo, NY, USA},
    year = {2005}
}

@CONFERENCE
{OFFIE,
    author = {Ms. Meghna B, Mr. Ronak B, Dr. Satyen M. Dr. Ashok R},
    title = {An Improved O'Gorman Filter for Fingerprint Image Enhancement},
    booktitle = {International Conference on Energy, Communication, Data Analytics and Soft Computing (ICECDS)},
    year = {2017}
}

@CONFERENCE
{AIFEGF,
    author = {R. Ramon, Andrezza. Igor, B. Erick, B. Joao, G. Herman, B. Leonardo},
    title = {Analysis and Improvements of Fingerprint Enhancement from Gabor Iterative Filtering},
    booktitle = {31st SIBGRAPI Conference on Graphics, Patterns and Images (SIBGRAPI)},
    year = {2018}
}

@article{CCGAN,
  title={Cycle-consistent generative adversarial neural networks based low quality fingerprint enhancement},
  author={Karabulut, Dogus and Tertychnyi, Pavlo and Arslan, Hasan Sait and Ozcinar, Cagri and Nasrollahi, Kamal and Valls, Joan and Vilaseca, Joan and Moeslund, Thomas B and Anbarjafari, Gholamreza},
  journal={Multimedia Tools and Applications},
  pages={1--21},
  year={2020},
  publisher={Springer}
}

@ARTICLE
{FIESDD,
    author = {T. Marius, O. Vesa, K. Pauli},
    title = {Fingerprint Image Enhancement Based on Second Directional Derivative of the Digital Image},
    journal = {Journal on Applied Signal Processing},
    year = {2002}
}

@ARTICLE
{SIFE,
    author = {S. Patrick, S. Simon, B. Christoph},
    title = {Survey on the Impact of Fingerprint Image enhancement},
    journal = {IET Biometrics},
    year = {2016}
}